@Article{FWC:10:PPDP,
  author =       {Benjamin C. M. Fung and Ke Wang and Rui Chen and
                  Philip S. Yu}, 
  title =        {Privacy-Preserving Data Publish: A Survey of Recent
                  Developments}, 
  journal =      {ACM Computing Surveys},
  year =         {2010},
  volume =    {42},
  number =    {4},
  pages =     {14:1--14:53},
  month =     {June},
}

@article{S:2002:KAMPP,
  author = {Latanya Sweeney},
  title = {K-anonymity: A Model for Protecting Privacy},
  journal = {International Journal Uncertainty, Fuzziness and
             Knowledge-Based System},
  volume = {10},
  number = {5},
  year = {2002},
  issn = {0218-4885},
  pages = {557--570},
  publisher = {World Scientific Publishing},
} 

@Article{WB:90:RP,
  author =       {Samuel D. Warren and Louis D. Brandeis},
  title =        {The Right to Privacy},
  journal =      {Harvard Law Review},
  year =         {1890},
  volume =    {4},
  number =    {5},
  pages =     {193--220},
}

@InProceedings{DWWZK:18:DVDP,
  author =       {Zeyu Ding and Yuxin Wang and Guanhong Wang and Danfeng Zhang
                  and Daniel Kifer},
  title =        {Detecting Violations of Differential Privacy},
  booktitle = {CCS},
  year =      {2018},
  editor =    {Michael Backes and XiaoFeng Wang},
  pages =     {475--489},
  publisher = {ACM},
}

@article{KM:14:PFMPD,
  author = {Daniel Kifer and Ashwin Machanavajjhala},
  title = {Pufferfish: A Framework for Mathematical Privacy Definitions},
  journal = {ACM Trans. Database Syst.},
  volume = {39},
  number = {1},
  year = {2014},
  issn = {0362-5915},
  pages = {3:1--3:36},
  articleno = {3},
  publisher = {ACM},
  address = {New York, NY, USA},
}
